@misc{IBM2023(1),
  url = {http://www.ibm.com/topics/mainframe},
  title = {IBM - What is a mainframe?},
  publisher = {IBM}
}

@misc{IBM2023(2),
  url = {https://www.ibm.com/docs/en/zos-basic-skills?topic=today-what-is-mainframe-its-style-computing},
  title = {IBM What is a mainframe? It’s a style of computing},
  publisher = {IBM}
}

@misc{IBMArchives,
  url = {https://www.ibm.com/ibm/history/exhibits/mainframe/mainframe_intro.html},
  title = {IBM Mainframes},
  publisher = {IBM}
}
@misc{DrewRobb,
  url = {https://www.serverwatch.com/guides/on-the-trail-of-non-ibm-mainframes/},
  title = {Hardware Today: On the Trail of Non-IBM Mainframes},
  author = {Drew Robb},
  publisher = {ServerWatch}
}

@misc{Forbes2020,
  url = {https://www.forbes.com/sites/moorinsights/2020/08/10/a-big-year-for-ibm-and-z15/?sh=75518db247f2},
  title = {A Big Year For IBM And Z15},
  author = {Patrick Moorhead},
  publisher = {Forbes}
}

@misc{Patrick,
  url = {https://www.servethehome.com/ibm-z15-mainframe-processor-design/},
  title = {IBM Z15 Mainframe Processor Design},
  author = {Patrick Moorhead},
  publisher = {ServeTheHome}
}

@misc{topTech,
  url = {https://www.topgun-tech.com/products/ibm-zsystems/ibm-z15-ibm-8561/},
  title = {IBM z15 (IBM 8561) SPECS},
  publisher = {TopGun Tech}
}

@article{IBM100,
  url = {https://www.ibm.com/ibm/history/ibm100/us/en/icons/system360/impacts/},
  title = {System 360 From Computers to Computer Systems},
  publisher = {IBM}
}

@misc{ChristopherTozzi,
  url = {https://www.precisely.com/blog/mainframe/mainframes-vs-midrange-servers-whats-the-difference-anyway},
  title = {Mainframes vs Midrange Servers: What’s the Difference, Anyway?},
  author = {Christopher Tozzi},
  publisher = {Precisely}
}

@misc{Laura2023,
  url = {https://techchannel.com/Trends/07/2023/ibm-z16-power10-high-reliability-servers#},
  title = {IBM z16 and Power10 Deliver Highest Reliability Among Mainstream Servers for 15th Consecutive Year},
  author = {Laura DiDio},
  publisher = {TechChannel}
}

@misc{Steven2023,
  url = {https://futurumgroup.com/insights/ibms-new-z16-mainframe-a-deep-dive/},
  title = {IBM’s New z16 Mainframe – A Deep Dive},
  author = {Steven Dickens},
  publisher = {Futurum Group}
}

@misc{IBM2023(3),
  url = {https://www.ibm.com/docs/en/zos-basic-skills?topic=it-mainframe-strengths-reliability-availability-serviceability},
  title = {Mainframe strengths: Reliability, availability, and serviceability},
  publisher = {IBM}
}

@misc{JasonBloomberg,
  url = {https://www.linkedin.com/pulse/mainframe-resilience-kind-big-deal-jason-bloomberg/},
  title = {Mainframe Resilience: Kind of a Big Deal},
  author = {Jason Bloomberg},
  publisher = {Jason Bloomberg}
}

@misc{RobEnderle,
  url = {https://www.technewsworld.com/story/are-mainframes-an-indicator-of-banking-reliability-178260.html/},
  title = {Are Mainframes an Indicator of Banking Reliability?},
  author = {Rob Enderle},
  publisher = {TechNewsWorld}
}

@misc{maincom,
  url = {https://www.mainframes.com/Sysplex.html},
  title = {Sysplex, Systems Complex},
  publisher = {Mainframes.com}
}

@misc{FrankJDGilio,
  url = {https://medium.com/theropod/what-is-parallel-sysplex-and-why-should-i-care-dd7057f5f914},
  title = {What is Parallel Sysplex® and Why Should I Care?},
  author = {Frank J. De Gilio},
  publisher = {Medium}
}

@misc{Subhasish2020,
  url = {https://planetmainframe.com/2020/09/an-overview-of-the-parallel-sysplex-and-coupling-facility-on-the-ibm-z-mainframes/},
  title = {An overview of the Parallel Sysplex and Coupling Facility on the IBM Z Mainframes},
  author = {Subhasish},
  publisher = {PlanetMainframe}
}

@misc{tutpoint,
  url = {https://www.tutorialspoint.com/jcl/jcl_overview.htm},
  title = {JCL - Overview},
  author = {TutorialsPoint}
}

@misc{DavidTaylor,
  url = {https://www.guru99.com/servicenow-tutorial.html},
  title = {What is ServiceNow Tool? Use & Reporting Tutorial},
  author = {David Taylor}
}

@misc{DotanHorovits,
  url = {https://logz.io/learn/complete-guide-elk-stack},
  title = {The Complete Guide to the ELK Stack},
  author = {Dotan Horovits}
}

@misc{DavidTaylor2,
  url = {https://www.guru99.com/elk-stack-tutorial.html},
  title = {ELK Stack Tutorial: What is Kibana, Logstash & Elasticsearch?},
  author = {David Taylor}
}

@misc{GedalBer,
  url = {https://logz.io/blog/elasticsearch-tutorial/},
  title = {An Elasticsearch Tutorial: Getting Started},
  author = {Gedalyah Reback & Daniel Berman}
}

@misc{objectrocket,
  url = {https://www.objectrocket.com/resource/what-are-elasticsearch-beats/},
  title = {What are Elasticsearch Beats?},
  publisher = {ObjectRocket}
}

@misc{Jamie2017,
  url = {https://opensource.com/article/17/10/logstash-fundamentals},
  title = {Getting started with Logstash},
  author = {Jamie Riedesel}
}

@misc{JugensToit,
  url = {https://logz.io/blog/logstash-tutorial/},
  title = {Logstash Tutorial: How to Get Started},
  author = {Jurgens du Toit}
}

@manual{Elatic(1),
  url = {https://www.elastic.co/guide/en/kibana/current/dashboard.html},
  title = {Dashboard and visualizations},
  publisher = {Elastic}
}

@manual{Elatic(2),
  url = {https://www.elastic.co/guide/en/kibana/current/xpack-ml-anomalies.html},
  title = {Anomaly detection},
  publisher = {Elastic}
}

@manual{Eleanor2023,
  url = {https://logit.io/blog/post/the-top-kibana-dashboards-and-visualisations/},
  title = {TOP 25 KIBANA DASHBOARD EXAMPLES},
  author = {Eleanor Bennett}
}

@article{Elizabeth2022,
  url = {https://developer.ibm.com/blogs/a-tour-inside-the-ibm-z16/},
  title = {A tour inside the IBM z16},
  author = {Elizabeth K. Joseph}
}

@manual{righto2019,
  url = {https://www.righto.com/2019/04/iconic-consoles-of-ibm-system360.html},
  title = {Iconic consoles of the IBM System/360 mainframes, 55 years old},
  publisher = {Righto}
}

@article{Tech2023,
  url = {https://techeconomy.ng/ibm-z16-and-linuxone-4-are-going-to-redefine-sustainability-security-within-the-data-center/},
  title = {IBM z16 and LinuxONE 4 Are Going to Redefine Sustainability, Security within the Data Center},
  author = {Techeconomy}
}
@Comment{jabref-meta: databaseType:biblatex;}
