% Encoding: UTF-8

@Article{Alexander2021,
  author       = {Alexander S. Gillis},
  title        = {Datadog},
  journaltitle = {Datadog},
  year         = {2021},
  url          = {https://www.techtarget.com/searchitoperations/definition/Datadog},
}
@misc{DotanHorovits,
  url = {https://logz.io/learn/complete-guide-elk-stack},
  title = {The Complete Guide to the ELK Stack},
  author = {Dotan Horovits}
}
@misc{DavidTaylor2,
  url = {https://www.guru99.com/elk-stack-tutorial.html},
  title = {ELK Stack Tutorial: What is Kibana, Logstash & Elasticsearch?},
  author = {David Taylor}
}
@misc{GedalBer,
  url = {https://logz.io/blog/elasticsearch-tutorial/},
  title = {An Elasticsearch Tutorial: Getting Started},
  author = {Gedalyah Reback & Daniel Berman}
}
@misc{objectrocket,
  url = {https://www.objectrocket.com/resource/what-are-elasticsearch-beats/},
  title = {What are Elasticsearch Beats?},
  publisher = {ObjectRocket}
}
@misc{Jamie2017,
  url = {https://opensource.com/article/17/10/logstash-fundamentals},
  title = {Getting started with Logstash},
  author = {Jamie Riedesel}
}
@misc{JugensToit,
  url = {https://logz.io/blog/logstash-tutorial/},
  title = {Logstash Tutorial: How to Get Started},
  author = {Jurgens du Toit}
}
@manual{Elatic(1),
  url = {https://www.elastic.co/guide/en/kibana/current/dashboard.html},
  title = {Dashboard and visualizations},
  publisher = {Elastic}
}
@misc{IBM2023(1),
  url = {http://www.ibm.com/topics/mainframe},
  title = {IBM - What is a mainframe?},
  publisher = {IBM}
}
@misc{IBM2023(2),
  url = {https://www.ibm.com/docs/en/zos-basic-skills?topic=today-what-is-mainframe-its-style-computing},
  title = {IBM What is a mainframe? Itâ€™s a style of computing},
  publisher = {IBM}
}
@misc{IBMArchives,
  url = {https://www.ibm.com/ibm/history/exhibits/mainframe/mainframe_intro.html},
  title = {IBM Mainframes},
  publisher = {IBM}
}
@misc{Laura2023,
  url = {https://techchannel.com/Trends/07/2023/ibm-z16-power10-high-reliability-servers#},
  title = {IBM z16 and Power10 Deliver Highest Reliability Among Mainstream Servers for 15th Consecutive Year},
  author = {Laura DiDio},
  publisher = {TechChannel}
}
@Article{RedHat2023,
  author       = {RedHat},
  title        = {Understanding Linux},
  year         = {2023},
  url          = {https://www.redhat.com/en/topics/linux},
}
@Article{Grigor2023,
  author       = {Grigor Khachatryan},
  title        = {What is Grafana Loki?},
  journaltitle = {What is Grafana Loki?},
  year         = {2023},
  url          = {https://grigorkh.medium.com/what-is-grafana-loki-19a7db694083},
}
@Article{RedHat2022,
  title        = {What is Grafana?},
  year         = {2022},
  url          = {https://www.redhat.com/en/topics/data-services/what-is-grafana},
}

@Comment{jabref-meta: databaseType:biblatex;}